%%%%%%% Estela - HPC %%%%%%
@BOOK{Wad,
		author = {Wadleigh, Kevin R. and Crawford, Isom L.},
		title = {Software Optimization for High Performance Computing},
		publisher = {Prentice-Hall PTR},
		year = 2000,
		isbn = {0-13-017008-9}
}

@BOOK{Garg,
		author = {Garg, Rajat P. and Sharapov, Ilya},
		title = {Techniques for Optimizing Applications: High Performance Computing},
		publisher = {Prentice-Hall PTR},
		year = 2001,
		isbn = {978-0683180176} 
}

@TECHREPORT{Her,
		author={Hermmans, Miguel},
		title={Parallel Programming in Fortran 95 using OpenMP},
		institution={Universidad Polite\'ecnica de Madrid, Departamento de Motopropulsi\'on y Termofluidodin\'amica, School of Aeronautical Engineering},
		year={2002},
		month={Abril}
}

@BOOK{Chap,
		author = {Chapman, Barbara and Jost,Gabriele and van der Pas, Ruud},
		title = {Using OpenMP},
		publisher = {The MIT Press},
		year = 2008,
		isbn = {978-0-262-53302-7}
}

@BOOK{Andrews,
		author = {Andrews, George R.},
		title = {Foundations of Multithreaded, Parallel, and Distributed Programming},
		publisher = {Addison-Wesley},
		year = 2000,
		isbn = {9780201357523}
}

@BOOK{Grama,
		author = {Ananth Grama and Anshul Gupta and others},
		title = {Introduction to Parallel Computing, Second Edition},
		publisher = {Addison-Wesley},
		year = 2003,
		isbn = {0-201-64865-2}
}

@TECHREPORT{MMen,
		author = {M\'endez, Mariano and Tinetti, Fernando G.},
		title = {A GPU Approach to Fortran Legacy Systems},
		institution={Universidad Nacional de La Plata, Facultad de Inform\'atica},
		year = {2012},
		month = {Agosto}
}

@INPROCEEDINGS{FTin,
		author={Tinetti, Fernando G. and L\'opez, M\'onica A. and Cajaraville, Pedro G. and Rodrigues, Diego L.},
		title={Fortran Legacy Code Performance Optimization: Sequential and Parallel
Processing with OpenMP},
		booktitle={2009 World Congress on Computer Science and Information Engineering},
		year={2009},
}

@MISC{openmp,
		author = {OpenMP, Architecture Review Board},
		title = {OpenMP Application Program Interface},
		howpublished = {\url{http://openmp.org/wp/openmp-specifications/}},
		year = {2013}
}

@MISC{mpi,
		author = {Message Passing Interface Forum},
		title = {MPI: A Message-Passing Interface Standard},
		howpublished = {\url{https://www.mpi-forum.org/docs/mpi-3.0/mpi30-report.pdf}},
		year = {2012}
}

@TECHREPORT{Gold,
		author = {Gold, N. E.},
		title = {The Meaning of Legacy Systems},
		institution = {Univ. of Durham, Dept. of Computer Science},
		year = {1998}
}

@BOOK{Brod,
		author = {Brodie, M. L. and Stonebraker, M.},
		title = {Migrating Legacy Systems},
		publisher = {Morgan Kaufmann Publishers},
		year = {1995}
}

@PHDTHESIS{Prado,
		author = {Prado, Ricardo A.},
		title = {Desarrollo de un c\'odigo de interacci\'on viscosa-inv\'iscida orientado a turbomaquinaria},
		school = {Universidad de Buenos Aires},
		year = {2007},
		month = {Mayo}
}

@BOOK{Gregg,
		author = {Gregg, Brendan},
		title = {Systems Performance: Enterprise and the Cloud},
		publisher = {Prentice Hall},
		year = {2013},
		isbn = {978-0133390094}
}

@TECHREPORT{Ques,
		author = {Quesada, Jesús García},
		title = {Manual de Fortran 77},
		institution = {Univ. de Las Palmas de Gran Canaria, Edificio de Informática y Matemáticas},
		year = {2000}
}